00570cas a22002171a 4500
001 9917737463502836
003 Nz
005 20161223172952.0
008 031223d1866uuuunz  r ne      0   0 eng d
035    $a (OCoLC)830658613
035    $a (Nz)8141798
035    $a (NLNZils)1773746-ilsdb
040    $a WN $c WN
042    $a nznb
043    $a u-nz---
245 00 $a Evening mail and Port Chalmers express.
260    $a Dunedin [N.Z.]
362 0  $a 1866?-?
500    $a 1867 Oct.25 = vol.1 no.174.
651  0 $a Dunedin (N.Z.) $v Newspapers.
655  7 $a New Zealand newspapers. $2 local $5 Nz
